<record><leader>00000cas a22000007a 4500</leader><controlfield tag="001">17533603</controlfield><controlfield tag="008">880224d188u18uupauwr ne      0    0eng d</controlfield><datafield ind1=" " ind2=" " tag="010"><subfield code="a">sn 88079149 </subfield></datafield><datafield ind1=" " ind2=" " tag="040"><subfield code="a">NPH</subfield><subfield code="b">eng</subfield><subfield code="c">NPH</subfield><subfield code="d">OCLCQ</subfield></datafield><datafield ind1=" " ind2=" " tag="042"><subfield code="a">msc</subfield></datafield><datafield ind1="0" ind2=" " tag="130"><subfield code="a">Weekly transcript (Susquehanna, Pa.)</subfield></datafield><datafield ind1="1" ind2="0" tag="245"><subfield code="a">Weekly transcript.</subfield></datafield><datafield ind1="3" ind2="0" tag="246"><subfield code="a">Transcript</subfield></datafield><datafield ind1=" " ind2=" " tag="260"><subfield code="a">Susquehanna, Pa. :</subfield><subfield code="b">J. Clark, Jr.</subfield></datafield><datafield ind1=" " ind2=" " tag="300"><subfield code="a">v. ;</subfield><subfield code="c">54 cm.</subfield></datafield><datafield ind1=" " ind2=" " tag="310"><subfield code="a">Weekly</subfield></datafield><datafield ind1=" " ind2=" " tag="580"><subfield code="a">Daily edition: Evening transcript (Susquehanna, Pa. : 1886).</subfield></datafield><datafield ind1=" " ind2=" " tag="588"><subfield code="a">Description based on: Vol. 5, no. 36 (Dec. 31, 1887).</subfield></datafield><datafield ind1=" " ind2=" " tag="752"><subfield code="a">United States</subfield><subfield code="b">Pennsylvania</subfield><subfield code="c">Susquehanna</subfield><subfield code="d">Susquehanna.</subfield></datafield><datafield ind1="1" ind2=" " tag="775"><subfield code="t">Evening transcript (Susquehanna, Pa. : 1886)</subfield><subfield code="w">(DLC)sn 88079137</subfield></datafield><datafield ind1="0" ind2="0" tag="780"><subfield code="t">Susquehanna transcript (Susquehanna, Pa. : 1883)</subfield><subfield code="w">(DLC)sn 88079150</subfield></datafield><datafield ind1="0" ind2="0" tag="785"><subfield code="t">Susquehanna ledger</subfield><subfield code="w">(DLC)sn 88079148</subfield></datafield></record>